759 761
57 57 729 112 for your kindness and gentleness
55 99 626 163 to me in prison, and for the
60 149 672 218 real care that you took of me
64 199 734 272 at the end, when I was mentally
60 254 691 324 upset and in a state of very
33 281 729 404 terrible nervous excitement. You
71 366 699 431 must not mind my using the
61 424 659 489 word 'gratitude.' I used to
53 475 635 549 think gratitude a burden to
54 529 642 611 carry. Now I know that is is
50 596 667 671 something that makes the heart
78 662 673 728 lighter. The ungrateful man
