<?xml version="1.0" encoding="UTF-8" standalone="yes"?>
<PcGts xmlns="http://schema.primaresearch.org/PAGE/gts/pagecontent/2013-07-15">
    <Metadata>
        <Creator>Transkribus</Creator>
        <Created>2026-02-03T15:37:36.723+01:00</Created>
        <LastChange>2026-02-15T19:23:35.864+01:00</LastChange>
    </Metadata>
    <Page imageFilename="nelson_03.jpg" imageWidth="759" imageHeight="761">
        <TextRegion id="r" custom="readingOrder {index:0;}">
            <Coords points="26,-4 706,-4 706,103 26,103"/>
            <TextLine id="l" custom="readingOrder {index:0;}">
                <Coords points="671,67 56,73 57,37 675,25 671,68 701,71 706,-4 27,7 26,103 671,97"/>
                <Baseline points="671,67 56,73 57,37 675,25 671,68"/>
                <TextEquiv>
                    <Unicode>is one who walks slowly with</Unicode>
                </TextEquiv>
            </TextLine>
            <TextLine id="l_1" custom="readingOrder {index:1;}">
                <Coords points="57,127 672,102 671,69 60,80 56,128 86,130 86,108 644,98 643,75 56,97"/>
                <Baseline points="57,127 672,102 671,69 60,80 56,128"/>
                <TextEquiv>
                    <Unicode>feet and heart of lead. But</Unicode>
                </TextEquiv>
            </TextLine>
            <TextEquiv>
                <Unicode></Unicode>
            </TextEquiv>
        </TextRegion>
        <TextRegion id="r_1" custom="readingOrder {index:1;}">
            <Coords points="74,118 606,118 606,171 74,171"/>
            <TextLine id="l_2" custom="readingOrder {index:0;}">
                <Coords points="75,170 606,153 606,118 76,136 75,170 105,171 104,164 578,147 578,125 74,140"/>
                <Baseline points="75,170 606,153 606,118 76,136 75,170"/>
                <TextEquiv>
                    <Unicode>when one knows the strange</Unicode>
                </TextEquiv>
            </TextLine>
            <TextEquiv>
                <Unicode></Unicode>
            </TextEquiv>
        </TextRegion>
        <TextRegion id="r_2" custom="readingOrder {index:2;}">
            <Coords points="59,166 632,166 632,238 59,238"/>
            <TextLine id="l_3" custom="readingOrder {index:0;}">
                <Coords points="61,234 632,197 624,166 67,184 60,234 90,238 92,212 602,196 598,172 59,204"/>
                <Baseline points="61,234 632,197 624,166 67,184 60,234"/>
                <TextEquiv>
                    <Unicode>joy of gratitude to God and</Unicode>
                </TextEquiv>
            </TextLine>
            <TextEquiv>
                <Unicode></Unicode>
            </TextEquiv>
        </TextRegion>
        <TextRegion id="r_3" custom="readingOrder {index:3;}">
            <Coords points="54,213 670,213 670,288 54,288"/>
            <TextLine id="l_4" custom="readingOrder {index:0;}">
                <Coords points="55,282 670,253 665,213 62,247 55,282 84,288 86,275 640,243 639,227 54,252"/>
                <Baseline points="55,282 670,253 665,213 62,247 55,282"/>
                <TextEquiv>
                    <Unicode>man the earth becomes lovelier</Unicode>
                </TextEquiv>
            </TextLine>
            <TextLine id="l_5" custom="readingOrder {index:1;}">
                <Coords points="50,340 675,309 670,273 55,301 50,341 80,345 81,329 645,303 643,283 49,310"/>
                <Baseline points="50,340 675,309 670,273 55,301 50,341"/>
                <TextEquiv>
                    <Unicode>to one, and it is a pleasure</Unicode>
                </TextEquiv>
            </TextLine>
            <TextEquiv>
                <Unicode></Unicode>
            </TextEquiv>
        </TextRegion>
        <TextRegion id="r_4" custom="readingOrder {index:4;}">
            <Coords points="50,326 657,326 657,400 50,400"/>
            <TextLine id="l_6" custom="readingOrder {index:0;}">
                <Coords points="52,393 657,359 657,326 57,353 50,395 80,400 82,381 629,355 628,332 50,363"/>
                <Baseline points="52,393 657,359 657,326 57,353 50,395"/>
                <TextEquiv>
                    <Unicode>to count up, not one's wealth</Unicode>
                </TextEquiv>
            </TextLine>
            <TextLine id="l_7" custom="readingOrder {index:1;}">
                <Coords points="53,440 667,401 655,365 56,402 53,439 83,441 83,429 634,395 631,377 51,410"/>
                <Baseline points="53,440 667,401 655,365 56,402 53,439"/>
                <TextEquiv>
                    <Unicode>but one's debts, not the little</Unicode>
                </TextEquiv>
            </TextLine>
            <TextEquiv>
                <Unicode></Unicode>
            </TextEquiv>
        </TextRegion>
        <TextRegion id="r_5" custom="readingOrder {index:5;}">
            <Coords points="50,417 587,417 587,497 50,497"/>
            <TextLine id="l_8" custom="readingOrder {index:0;}">
                <Coords points="52,494 587,462 582,417 55,455 50,493 80,497 81,482 557,447 556,436 50,464"/>
                <Baseline points="52,494 587,462 582,417 55,455 50,493"/>
                <TextEquiv>
                    <Unicode>that one possesses, but the</Unicode>
                </TextEquiv>
            </TextLine>
            <TextLine id="l_9" custom="readingOrder {index:1;}">
                <Coords points="53,549 464,511 450,483 53,511 52,548 82,549 81,538 433,513 425,489 50,519"/>
                <Baseline points="53,549 464,511 450,483 53,511 52,548"/>
                <TextEquiv>
                    <Unicode>much that one owes.</Unicode>
                </TextEquiv>
            </TextLine>
            <TextEquiv>
                <Unicode></Unicode>
            </TextEquiv>
        </TextRegion>
        <TextRegion id="r_7" custom="readingOrder {index:6;}">
            <Coords points="73,630 545,630 545,691 73,691"/>
            <TextLine id="l_12" custom="readingOrder {index:0;}">
                <Coords points="74,690 544,681 545,630 78,657 75,688 105,691 104,684 517,660 516,653 73,660"/>
                <Baseline points="74,690 544,681 545,630 78,657 75,688"/>
                <TextEquiv>
                    <Unicode>the memory of the little</Unicode>
                </TextEquiv>
            </TextLine>
            <TextEquiv>
                <Unicode></Unicode>
            </TextEquiv>
        </TextRegion>
        <TextRegion id="r_8" custom="readingOrder {index:7;}">
            <Coords points="124,677 620,677 620,736 124,736"/>
            <TextLine id="l_13" custom="readingOrder {index:0;}">
                <Coords points="126,736 620,713 610,677 124,702 124,736 154,736 153,729 588,707 585,688 125,706"/>
                <Baseline points="126,736 620,713 610,677 124,702 124,736"/>
                <TextEquiv>
                    <Unicode>children, and the wretched</Unicode>
                </TextEquiv>
            </TextLine>
            <TextEquiv>
                <Unicode></Unicode>
            </TextEquiv>
        </TextRegion>
        <TextRegion id="r_6" custom="readingOrder {index:8;}">
            <Coords points="241,530 712,530 712,580 241,580"/>
            <TextLine id="l_10" custom="readingOrder {index:0;}">
                <Coords points="242,579 712,573 710,530 243,542 241,578 271,580 270,570 683,559 683,545 242,549"/>
                <Baseline points="242,579 712,573 710,530 243,542 241,578"/>
                <TextEquiv>
                    <Unicode>I abstained from writing,</Unicode>
                </TextEquiv>
            </TextLine>
            <TextLine id="l_11" custom="readingOrder {index:1;}">
                <Coords points="67,642 708,614 700,575 72,607 65,643 94,649 96,635 677,605 675,588 66,612"/>
                <Baseline points="67,642 708,614 700,575 72,607 65,643"/>
                <TextEquiv>
                    <Unicode>however, because I was haunted by</Unicode>
                </TextEquiv>
            </TextLine>
            <TextEquiv>
                <Unicode></Unicode>
            </TextEquiv>
        </TextRegion>
    </Page>
</PcGts>
