759 761
39 30 705 86 half witted lad who was flogged
50 74 680 133 by the Doctor's orders. I could
55 128 646 187 not have kept them out of
57 194 684 253 my letter, and to have mentioned
57 245 698 309 them to you might have put you
54 291 686 363 in a difficult position. In your
59 355 679 418 reply you might have expressed
49 401 632 474 sympathy with my views - I
47 454 659 530 think you would have - and then
47 509 659 578 on the appearance of my public
45 576 699 637 letter you might have felt as
45 634 547 696 if I had, in some almost
124 675 638 737 ungenerous or thoughtless
