759 761
77 39 717 102 made for me. Such exceptional
78 94 707 146 treatment as I received was by
82 142 673 207 order of the Commissioners. You
87 196 661 262 gave me the same kindness as
82 248 696 320 you gave to everyone. Of course
66 298 641 363 I made more demands, but
62 354 718 417 then I think I had really more
78 406 715 468 needs than others - and I lacked
79 469 730 533 often their cheerful acquiescence. -
185 513 670 573 Of course I side with
80 564 674 634 the prisoners - I was one, and
79 605 704 688 I belong to their class now -
76 654 707 725 I am not a scrap ashamed of
