759 761
59 44 607 90 time. I only hear of my
73 92 604 144 letter being published by a
78 149 667 209 telegram from Mr. Ross, but
70 202 709 273 I hope they have printed it in
85 265 655 325 full, as I tried to express
71 323 570 376 in it my appreciation and
75 368 680 438 admiration of you own humane
85 423 707 489 spirit and affectionate interest
75 491 666 538 in all the prisoners under
74 535 683 617 your charge. I did not wish
88 608 589 674 people to think that any
107 654 654 727 exception had been specially
