759 761
51 28 641 79 having been in prison. I am
56 70 735 131 horribly ashamed of the materialism
60 120 606 188 of the life that brought me
69 237 192 272 artist.
62 158 717 226 there. It was quite unworthy of an
183 259 714 322 Of Martin, and the subjects
75 307 656 375 of my letter I of course say
81 350 666 423 nothing at all, except that
86 400 699 469 the man who could change the
87 463 638 524 system - if any one man can
87 498 735 562 do so - is yourself. At present
78 551 674 606 I write to ask you to allow
81 596 683 644 me to sign myself, once at any
79 640 620 685 rate in life, your sincere and
483 667 717 704 grateful friend
394 701 662 747 Oscar Wilde
