4016 4236
407 433 3096 681 to call, a privilege of
526 694 3066 955 which I hope to avail
477 1029 3357 1270 myself, tomorrow afternoon.
1107 1235 3140 1545 Of course I have
575 1511 3017 1836 passed through a very
603 1757 3273 2106 terrible punishment - and
586 2042 3091 2426 have suffered the very
581 2264 3509 2697 pitch of anguish and despair
608 2594 3263 2972 Sill I am conscious that
576 2864 3332 3266 I was leading a life quite
659 3165 3253 3499 unworthy of an artist in
