3960 4207
238 223 3426 462 my imprisonment, and has now
232 466 3227 738 - mother of all artists as she is -
242 679 3159 981 given me asile. To escape the
247 1534 995 1745 name of
228 888 3256 1223 foolish tongue and prying eye I
262 1160 3135 1529 have for the moment taken the
320 2145 2446 2436 explain to you tomorrow.
766 1674 3562 1961 Monsieur Sebastian Melmoth -
306 1888 3193 2227 a curious name which I'll
693 2383 3533 2669 Pray let my name and place of
383 2611 3319 2873 sejour be quite a secret to
364 2829 3373 3115 all. I hope to live in solitude
699 3509 1436 3683 gratitude.
358 3019 3421 3334 and peace. Accept these few
732 3227 3416 3509 verses as a slight token of my
1529 3436 2766 3625 Believe me yours,
1839 3547 2960 3703 Oscar Wilde
