3941 4238
492 324 3236 609 every way, and unworthy of a
488 584 3221 865 son of my dear mother whose
492 826 3395 1159 nobility of soul and intellect
466 1077 3183 1492 you always appreciated, and
464 1372 3473 1739 who was herself always one of
478 1681 2946 2065 your warmest and most
472 2067 2473 2338 enthusiastic admirers.
478 2584 3497 2934 a little auberge by the sea, and
599 2811 3502 3209 for the moment am quite alone.
563 3067 3221 3448 France has been charming to
816 3357 3574 3687 me and about me during all
1168 2342 3463 2642 I am living quietly in
